@article{arlinghaus1996part,
  title={Part II. Elements of Spatial Planning: Theory. Merging Maps: Node Labeling Strategies},
  author={Arlinghaus, Sandra Lach and Arlinghaus, SL},
  year={1996},
  journal={Unknown},
  publisher={Institute of Mathematical Geography}
}